<?xml version="1.0" encoding="UTF-8"?><collection xmlns="http://www.loc.gov/MARC21/slim"><record><leader>00571nam--2200169-i-4500</leader><controlfield tag="001">000044086</controlfield><controlfield tag="002">20161230</controlfield><controlfield tag="005">20161230201044</controlfield><controlfield tag="008">060222s1000------------r-----000-0-eng-d</controlfield><datafield ind1=" " ind2=" " tag="040"><subfield code="a">IFIN-HH</subfield></datafield><datafield ind1=" " ind2=" " tag="080"><subfield code="a">541.14:535.215:535.37</subfield></datafield><datafield ind1="1" ind2=" " tag="100"><subfield code="a">Przibram, Karl</subfield></datafield><datafield ind1="1" ind2="0" tag="245"><subfield code="a">Irradiation colours and luminescence</subfield><subfield code="b">A contribution to mineral physics. translated and revised in collaboration with the author by john espenett caffyn</subfield><subfield code="c">Karl przibram</subfield></datafield><datafield ind1=" " ind2=" " tag="260"><subfield code="a">London</subfield><subfield code="b">Pergamon Press</subfield><subfield code="c">1956</subfield></datafield><datafield ind1=" " ind2=" " tag="300"><subfield code="a">XIV+332P.CU FIG</subfield></datafield><datafield ind1=" " ind2=" " tag="852"><subfield code="a">11635</subfield><subfield code="c">535.37</subfield></datafield><datafield ind1=" " ind2=" " tag="CAT"><subfield code="a">Sys</subfield><subfield code="c">20110413</subfield><subfield code="h">141204</subfield></datafield></record></collection>